@book{Kurose2012,
 author = {Garcia Mateos Gines, Cervera Lopez Joaquin, Marin Perez Norberto & Gimenez Canovas Domingo},
 title = {Algoritmos y estructuras de datos volumen 2},
 year = {2003},
 isbn = {84-8425-310-4},
 edition = {1st},
 publisher = {Diego Marin Librero Editor SL},
} 