@BOOK{AED2,
 AUTHOR = {Garcia Mateos Gines and Cervera Lopez Joaquin and Marin Perez Norberto and Gimenez Canovas Domingo},
 TITLE = {Algoritmos y estructuras de datos volumen 2},
 YEAR = {2003},
 ISBN = {84-8425-310-4},
 EDITION = {1st},
 PUBLISHER = {Diego Marin Librero Editor SL},
} 